
@article{landauer_irreversibility_2000,
	title = {Irreversibility and heat generation in the computing process},
	volume = {44},
	number = {1.2},
	journal = {{IBM} Journal of Research and Development},
	author = {Landauer, Rolf},
	year = {2000},
	pages = {261–269}
},

@book{sontag_mathematical_1998,
	title = {Mathematical control theory: deterministic finite dimensional systems},
	volume = {6},
	publisher = {Springer},
	author = {Sontag, Eduardo D},
	year = {1998}
},

@book{mackay_information_2003,
	title = {Information theory, inference and learning algorithms},
	publisher = {Cambridge university press},
	author = {{MacKay}, David {JC}},
	year = {2003}
},

@article{novotny_tutorial_2001,
	title = {A tutorial on advanced dynamic Monte Carlo methods for systems with discrete state spaces},
	url = {http://arxiv.org/abs/cond-mat/0109182},
	urldate = {2014-01-13},
	journal = {{arXiv} preprint cond-mat/0109182},
	author = {Novotny, M. A.},
	year = {2001},
	file = {Glauber summary.pdf:C:\Users\Tom\AppData\Roaming\Zotero\Zotero\Profiles\8xbhq08f.default\zotero\storage\9I8MSJHP\Glauber summary.pdf:application/pdf}
},

@article{ott_paper_1996,
	title = {Paper 1 Controlling chaos},
	journal = {Controlling chaos: theoretical and practical methods in non-linear dynamics},
	author = {Ott, Edward and Grebogi, Celso and Yorke, James A.},
	year = {1996},
	pages = {77},
	file = {Ott 1990 Phys Rev Lett Controlling chaos.pdf:C:\Users\Tom\AppData\Roaming\Zotero\Zotero\Profiles\8xbhq08f.default\zotero\storage\RCUBQSS8\Ott 1990 Phys Rev Lett Controlling chaos.pdf:application/pdf}
},

@article{bechhoefer_feedback_2005,
	title = {Feedback for physicists: A tutorial essay on control},
	volume = {77},
	shorttitle = {Feedback for physicists},
	url = {http://rmp.aps.org/abstract/RMP/v77/i3/p783_1},
	number = {3},
	urldate = {2014-01-13},
	journal = {Reviews of Modern Physics},
	author = {Bechhoefer, John},
	year = {2005},
	pages = {783},
	file = {Feedback control Bechhoefer.pdf:C:\Users\Tom\AppData\Roaming\Zotero\Zotero\Profiles\8xbhq08f.default\zotero\storage\FKXP97U7\Feedback control Bechhoefer.pdf:application/pdf}
},

@book{astrom_feedback_2010,
	title = {Feedback systems: an introduction for scientists and engineers},
	publisher = {Princeton university press},
	author = {Aström, Karl Johan and Murray, Richard M},
	year = {2010}
},

@article{kacser_molecular_1979,
	title = {Molecular democracy: who shares the controls},
	volume = {7},
	number = {1},
	journal = {Biochem. Soc. Trans},
	author = {Kacser, H and Burns, {JA} and others},
	year = {1979},
	pages = {149–1}
}

@online{controllability,
  author = {Hongxing Xia},
  title = {Controllability},
  year = 1995,
  url = {http://teal.gmu.edu/ececourses/ece521/lecturenote/chap2/node5.html},
  urldate = {2014-01-10}
}

@article{todorov2006optimal,
  title={Optimal control theory},
  author={Todorov, Emanuel},
  journal={Bayesian brain: probabilistic approaches to neural coding},
  pages={269--298},
  year={2006},
  publisher={MIT Press Cambridge (Massachusetts)}
}